<?xml version="1.0" encoding="UTF-8"?><record xmlns="http://www.loc.gov/MARC21/slim" xmlns:cinclude="http://apache.org/cocoon/include/1.0" xmlns:zs="http://www.loc.gov/zing/srw/">
  <leader>01150cz  a2200217n  4500</leader>
  <controlfield tag="001">n  85261370 </controlfield>
  <controlfield tag="003">DLC</controlfield>
  <controlfield tag="005">20161104103559.0</controlfield>
  <controlfield tag="008">860617n| azannaab           |a ana     c</controlfield>
  <datafield tag="010" ind1=" " ind2=" ">
    <subfield code="a">n  85261370 </subfield>
  </datafield>
  <datafield tag="040" ind1=" " ind2=" ">
    <subfield code="a">NjP</subfield>
    <subfield code="b">eng</subfield>
    <subfield code="e">rda</subfield>
    <subfield code="c">DLC</subfield>
    <subfield code="d">DLC</subfield>
    <subfield code="d">NNFr</subfield>
    <subfield code="d">NNPM</subfield>
    <subfield code="d">DLC</subfield>
  </datafield>
  <datafield tag="110" ind1="2" ind2=" ">
    <subfield code="a">Musée de Valence (Valence, Drôme, France)</subfield>
  </datafield>
  <datafield tag="410" ind1="1" ind2=" ">
    <subfield code="a">Valence (Drôme, France).</subfield>
    <subfield code="b">Musée</subfield>
  </datafield>
  <datafield tag="410" ind1="2" ind2=" ">
    <subfield code="a">Musée des beaux-arts, Valence</subfield>
  </datafield>
  <datafield tag="410" ind1="2" ind2=" ">
    <subfield code="a">Musée municipal des beaux-arts (Valence, Drôme, France)</subfield>
  </datafield>
  <datafield tag="410" ind1="2" ind2=" ">
    <subfield code="a">Musée de Valence, art et archéologie</subfield>
  </datafield>
  <datafield tag="670" ind1=" " ind2=" ">
    <subfield code="a">Its Les Hubert Robert de la Collection Veyrenc au Musée de Valence, 1985.</subfield>
  </datafield>
  <datafield tag="670" ind1=" " ind2=" ">
    <subfield code="a">Robert, H. Les Hubert Robert de la collection ... c1985:</subfield>
    <subfield code="b">t.p. (Musée de Valence) p. 7 (une ville édite un catalogue ... pour ... son Musée)</subfield>
  </datafield>
  <datafield tag="670" ind1=" " ind2=" ">
    <subfield code="a">Portrait : le portrait dans les collections des Musées Rhône-Alpes, 2001:</subfield>
    <subfield code="b">p. 2 (Musée des Beaux-Arts, Valence)</subfield>
  </datafield>
  <datafield tag="670" ind1=" " ind2=" ">
    <subfield code="a">International directory of arts, 2000/2001, 2000:</subfield>
    <subfield code="b">011983 (under Valence (Drôme): Musée Municipal des Beaux-Arts)</subfield>
  </datafield>
  <datafield tag="670" ind1=" " ind2=" ">
    <subfield code="a">Anne Dangar, céramiste, 2016:</subfield>
    <subfield code="b">p. 5 (Musée de Valence, art et archéologie)</subfield>
  </datafield>
</record>